@article {Zidek1,
    AUTHOR = {Zidek, James V. and Sun, Weimin and Le, Nhu D.},
     TITLE = {Designing and integrating composite networks for monitoring
              multivariate {G}aussian pollution fields},
   JOURNAL = {J. Roy. Statist. Soc. Ser. C},
  FJOURNAL = {Journal of the Royal Statistical Society. Series C. Applied
              Statistics},
    VOLUME = {49},
      YEAR = {2000},
    NUMBER = {1},
     PAGES = {63--79},
      ISSN = {0035-9254},
   MRCLASS = {Expansion},
  MRNUMBER = {1817875},
       DOI = {10.1111/1467-9876.00179},
       URL = {https://doi.org/10.1111/1467-9876.00179},
}

@article {Zidek2,
    AUTHOR = {Brown, Philip J. and Le, Nhu D. and Zidek, James V.},
     TITLE = {Multivariate spatial interpolation and exposure to air
              pollutants},
   JOURNAL = {Canad. J. Statist.},
  FJOURNAL = {The Canadian Journal of Statistics. La Revue Canadienne de
              Statistique},
    VOLUME = {22},
      YEAR = {1994},
    NUMBER = {4},
     PAGES = {489--509},
      ISSN = {0319-5724},
   MRCLASS = {62C10 (62P99)},
  MRNUMBER = {1321471},
       DOI = {10.2307/3315406},
       URL = {https://doi.org/10.2307/3315406},
}

@incollection {Zidek3,
    AUTHOR = {Guttorp, Peter and Le, Nhu D. and Sampson, Paul D. and Zidek,
              James V.},
     TITLE = {Using entropy in the redesign of an environmental monitoring
              network},
 BOOKTITLE = {Multivariate environmental statistics},
    SERIES = {North-Holland Ser. Statist. Probab.},
    VOLUME = {6},
     PAGES = {175--202},
 PUBLISHER = {North-Holland, Amsterdam},
      YEAR = {1993},
   MRCLASS = {62M30 (62M40)},
  MRNUMBER = {1268440},
}

@UNPUBLISHED{NADPNTN,
  author =       {NADP},
  title =        {{National Acidic Deposition Program, National Trends Network}},
  note =         {\url{https://nadp.slh.wisc.edu/ntn/}},
  year =         {2018},
}

@INBOOK{LeeEnv,
  author =       {Jon Lee},
  title =        {Encyclopedia of Environmetrics, A.H. El-Shaarawi and W.W. Piegorsch, eds.},
  chapter =      {Maximum entropy sampling, 2nd edition},
  pages =        {1570--1574},
  publisher =    {Wiley},
  year =         {2012},
}

@article{LeeConstrained,
 author = {Lee, Jon},
 title = {Constrained Maximum-Entropy Sampling},
 journal = {Operations Research},
 volume = {46},
 number = {5},
 year = {1998},
 pages = {655--664},
}


@article {KLQ,
    AUTHOR = {Ko, Chun-Wa and Lee, Jon and Queyranne, Maurice},
     TITLE = {An exact algorithm for maximum entropy sampling},
JOURNAL = {Operations Research},
    VOLUME = {43},
      YEAR = {1995},
    NUMBER = {4},
     PAGES = {684--691},
}

@UNPUBLISHED{linx,
  author =       {Anstreicher, Kurt M.},
  title =        {Efficient Solution of Maximum-Entropy
Sampling Problems},
  note =         {Preprint available at: \url{https://www.biz.uiowa.edu/faculty/anstreicher/papers/linx.pdf}},
  year =         {2018},
  month =        {July},
}


@article {BurerLee,
    AUTHOR = {Burer, Samuel and Lee, Jon},
     TITLE = {Solving maximum-entropy sampling problems using factored masks},
  JOURNAL = {Mathematical Programming},
    VOLUME = {109},
      YEAR = {2007},
    NUMBER = {2-3, Ser. B},
     PAGES = {263--281},
}

@incollection {AnstreicherLee_Masked,
    AUTHOR = {Anstreicher, Kurt M. and Lee, Jon},
     TITLE = {A masked spectral bound for maximum-entropy sampling},
 BOOKTITLE = {m{OD}a 7---{A}dvances in model-oriented design and analysis},
    SERIES = {Contrib. Statist.},
     PAGES = {1--12},
 PUBLISHER = {Physica, Heidelberg},
      YEAR = {2004},
}

@Article{AnstreicherBQPEntropy,
author="Anstreicher, Kurt M.",
title="Maximum-entropy sampling and the Boolean quadric polytope",
journal="Journal of Global Optimization",
year="2018",
volume="72",
number="4",
pages="603--618",
}

@article {LeeWilliams_ILP,
    AUTHOR = {Lee, Jon and Williams, Joy},
     TITLE = {A linear integer programming bound for maximum-entropy sampling},
   JOURNAL = {Mathematical Programming},
    VOLUME = {94},
      YEAR = {2003},
    NUMBER = {2-3, Ser. B},
     PAGES = {247--256},
}

@article{ShewryWynn,
author = { Michael C.   Shewry  and  Henry P.   Wynn },
title = {Maximum entropy sampling},
journal = {Journal of Applied Statistics},
volume = {14},
number = {2},
pages = {165-170},
year  = {1987},
publisher = {Taylor & Francis},
}


@article{SebWynn,
author = {Sebastiani, Paola and Wynn, Henry P.},
title = {Maximum entropy sampling and optimal Bayesian experimental design},
journal = {Journal of the Royal Statistical Society: Series B (Statistical Methodology)},
volume = {62},
number = {1},
pages = {145-157},
year ={2000},
}


@incollection {HLW,
    AUTHOR = {Hoffman, Alan J. and Lee, Jon and Williams, Joy},
     TITLE = {New upper bounds for maximum-entropy sampling},
 BOOKTITLE = {m{OD}a 6---advances in model-oriented design and analysis
              ({P}uchberg/{S}chneeberg, 2001)},
    SERIES = {Contrib. Statist.},
     PAGES = {143--153},
 PUBLISHER = {Physica, Heidelberg},
      YEAR = {2001},
}

@incollection{AFLW_IPCO,
    AUTHOR = {Anstreicher, Kurt M. and Fampa, Marcia and Lee, Jon and
              Williams, Joy},
     TITLE = {Continuous relaxations for constrained maximum-entropy
              sampling},
 BOOKTITLE = {Integer programming and combinatorial optimization
              ({V}ancouver, {BC}, 1996)},
    SERIES = {Lecture Notes in Comput. Sci.},
    VOLUME = {1084},
     PAGES = {234--248},
 PUBLISHER = {Springer, Berlin},
      YEAR = {1996},
}

@article {AFLW_Using,
    AUTHOR = {Anstreicher, Kurt M. and Fampa, Marcia and Lee, Jon and
              Williams, Joy},
     TITLE = {Using continuous nonlinear relaxations to solve constrained
              maximum-entropy sampling problems},
JOURNAL = {Mathematical Programming},
    VOLUME = {85},
      YEAR = {1999},
    NUMBER = {2, Ser. A},
     PAGES = {221--240},
}

@article {AFLW_Remote,
    AUTHOR = {Anstreicher, Kurt M. and Fampa, Marcia and Lee, Jon and
              Williams, Joy},
     TITLE = {Maximum-entropy remote sampling},
JOURNAL = {Discrete Applied Mathematics},
    VOLUME = {108},
      YEAR = {2001},
    NUMBER = {3},
     PAGES = {211--226},
}

@incollection {FedorovLee,
    AUTHOR = {Fedorov, Valerii and Lee, Jon},
     TITLE = {Design of experiments in statistics},
 BOOKTITLE = {Handbook of semidefinite programming},
    SERIES = {Internat. Ser. Oper. Res. Management Sci.},
    VOLUME = {27},
     PAGES = {511--532},
 PUBLISHER = {Kluwer Acad. Publ., Boston, MA},
      YEAR = {2000},
}
